% jssst2014 のものに変える
@mastersthesis{CSnara,
  author    = {奈良耕太},
  school    = {早稲田大学基幹理工学部情報理工学科},
  title     = {再帰的な文脈パターンマッチング機能を持つグラフ書換え言語の設計と効率的な実装手法},
  year      = {2016},
  type      = {修士論文}
}

@inproceedings{CSnaraJSSST,
  author          = {奈良 耕太 and 上田和紀 },
  booktitle       = {日本ソフトウェア科学会第 31 回大会 (2014 年度) 講演論文集},
  title           = {パターン定義によるマッチングを導入したグラフ書換え言語とその実装},
  year            = {2014}
}

@mastersthesis{CStaguchi,
  author    = {田口智大},
  school    = {早稲田大学基幹理工学部情報理工学科},
  title     = {再帰的な文脈パターンマッチング機能を持つグラフ書換え言語の設計と効率的な実装手法},
  year      = {2022},
  type      = {卒業論文}
}

@article{LMNueda,
  author    = {上田和紀 and 加藤紀夫},
  journal   = {コンピュータソフトウェア},
  number    = {2},
  title     = {言語モデル{LMNtal}},
  volume    = {21},
  year      = {2004},
  pages     = {126--142}
}

@article{LMNinui,
  author    = {乾敦行 and 工藤晋太郎 and 原耕司 and 水野謙 and 加藤紀夫 and 上田和紀},
  journal   = {コンピュータソフトウェア},
  number    = {1},
  title     = {階層グラフ書換えモデルに基づく統合プログラミング言語{LMNtal}},
  volume    = {25},
  year      = {2008},
  pages     = {124--150}
}

@article{ILmurayama,
  author    = {村山敬 and 工藤晋太郎 and 櫻井健 and 水野謙 and 加藤紀夫 and 上田和紀},
  journal   = {コンピュータソフトウェア},
  number    = {2},
  title     = {階層グラフ書換え言語{LMNtal}の処理系},
  volume    = {25},
  year      = {2008},
  pages     = {47--77}
}

@article{ILishikawa,
  author    = {石川力 and 堀泰祐 and 村山敬 and 岡部亮 and 上田和紀},
  journal   = {情報処理学会第70回全国大会},
  title     = {軽量な{LMNtal}実行処理系{SLIM}の設計と実装},
  year      = {2008}
}

@mastersthesis{ILmurayama2,
  author    = {村山敬},
  school    = {早稲田大学理工学研究科情報・ネットワーク専攻},
  title     = {計算量が予測可能な{LMNtal}システムの設計と実装},
  year      = {2008},
  type      = {修士論文}
}

@mastersthesis{ILiwasawa,
  author    = {岩澤宏希},
  school    = {早稲田大学大学院基幹理工学研究科情報理工学専攻},
  title     = {{LMNtal}プログラムによる{LMNtal}中間命令列の最適化},
  year      = {2011},
  type      = {修士論文}
}

@mastersthesis{ILaoyama,
  author    = {青山龍一},
  school    = {早稲田大学大学院基幹理工学研究科情報理工学専攻},
  title     = {グラフ書換え系{LMNtal}の実行時処理系{SLIM}におけるグラフパターンマッチングの効率化},
  year      = {2015},
  type      = {修士論文}
}

@conference{bib:context,
  author    = {Markus Mohnen},
  booktitle = {Implementation of Functional Languages},
  title     = {{Context patterns in Haskell}},
  year      = {1997},
  pages     = {41--57}
}
